<record><leader>00000cas a22000007a 4500</leader><controlfield tag="001">27945938</controlfield><controlfield tag="008">930419d19211923caudn ne      0    0eng d</controlfield><datafield ind1=" " ind2=" " tag="010"><subfield code="a">sn 93053130 </subfield></datafield><datafield ind1=" " ind2=" " tag="040"><subfield code="a">CNK</subfield><subfield code="b">eng</subfield><subfield code="c">CNK</subfield><subfield code="d">OCLCQ</subfield><subfield code="d">ZAP</subfield><subfield code="d">OCLCQ</subfield><subfield code="d">OCLCO</subfield><subfield code="d">OCLCF</subfield></datafield><datafield ind1="1" ind2=" " tag="029"><subfield code="a">AU@</subfield><subfield code="b">000020735649</subfield></datafield><datafield ind1=" " ind2=" " tag="042"><subfield code="a">msc</subfield></datafield><datafield ind1=" " ind2=" " tag="043"><subfield code="a">n-us-ca</subfield></datafield><datafield ind1="0" ind2="0" tag="245"><subfield code="a">Farmers' daily journal.</subfield></datafield><datafield ind1=" " ind2=" " tag="260"><subfield code="a">Turlock, Calif. :</subfield><subfield code="b">Farmers Press Association</subfield></datafield><datafield ind1=" " ind2=" " tag="300"><subfield code="a">v.</subfield></datafield><datafield ind1=" " ind2=" " tag="310"><subfield code="a">Daily (except Sun.)</subfield></datafield><datafield ind1="0" ind2=" " tag="362"><subfield code="a">Vol. 3, no. 50 (Mar. 1, 1921)-v. 5, no. 102 (Apr. 30, 1923).</subfield></datafield><datafield ind1=" " ind2="0" tag="651"><subfield code="a">Turlock (Calif.)</subfield><subfield code="v">Newspapers.</subfield></datafield><datafield ind1=" " ind2="7" tag="655"><subfield code="a">Newspapers.</subfield><subfield code="2">fast</subfield><subfield code="0">(OCoLC)fst01423814</subfield></datafield><datafield ind1=" " ind2="7" tag="651"><subfield code="a">California</subfield><subfield code="z">Turlock.</subfield><subfield code="2">fast</subfield><subfield code="0">(OCoLC)fst01215448</subfield></datafield><datafield ind1=" " ind2=" " tag="752"><subfield code="a">United States</subfield><subfield code="b">California</subfield><subfield code="c">Stanislaus</subfield><subfield code="d">Turlock.</subfield></datafield><datafield ind1="0" ind2="0" tag="780"><subfield code="t">Turlock daily journal (Turlock, Calif. : 1911)</subfield><subfield code="w">(DLC)sn 93053129</subfield></datafield><datafield ind1="0" ind2="0" tag="785"><subfield code="t">Turlock daily journal and farmers' daily journal</subfield><subfield code="w">(DLC)sn 93053131</subfield></datafield></record>